\documentclass{article}
\newtheorem{thm}{Theorem}
\setlength{\oddsidemargin}{0.25in}
\setlength{\textwidth}{6in}
\setlength{\topmargin}{-0.25in}
\setlength{\headheight}{0.3in}
\setlength{\headsep}{0.2in}
\setlength{\textheight}{9in}
\setlength{\footskip}{0.1in}
\usepackage{multirow}
\usepackage{fullpage}
\usepackage{graphicx}
\usepackage{amsthm}
\usepackage{amssymb}
\usepackage{url}
\usepackage{amsfonts}
\usepackage{algpseudocode}
\usepackage{mathtools}
\newcommand{\quotes}[1]{``#1''}

\usepackage{hyperref}
\hypersetup{
    colorlinks=true,
    linkcolor=blue,
    filecolor=magenta,      
    urlcolor=blue,
}

\begin{document}\title{Paper 1\\  Big Data Analysis and Applications \\ Indiana University Bloomington \\ Fall 2017\\ INFO-I 523\\}        % Enter your title between curly braces
  \author{ Matthew Schwartzer \\ mabschwa@umail.iu.edu\\}       % Enter your name between curly braces
\date{\today}          % Enter your date or \today between curly braces
\maketitle

@InProceedings{Shaoxin1,
  author    = {Shaoxin Yuan and Xiangmo Zhao and Yisheng An},
  title     = {Identification and Optimization of Traffic Bottleneck with Signal Timing},
  booktitle = {Journal of Traffic and Transportation Engineering (English Edition)},
  year      = {2014},
  volume    = {1},
  number    = {5},
  pages     = {353-361},
}
\end{document}